@article{casting,
author  = {Meital Reches and Ehud Gazit},
title   = {Casting Metal Nanowires Within Discrete Self-Assembled Peptide Nanotubes},
journal = {Science},
year    = {2003},
volume  = {300},
number  = {5619},
pages   = {625-627},
}

@article{qc,
author  = {Nadav Amdursky and Michel Molotskii and Daniel Aronov and Lihi Adler-Abramovich and Ehud Gazit and Gil Rosenman},
title   = {Blue Luminescence Based on Quantum Confinement at Peptide Nanotubes},
journal = {Nano Lett.},
year    = {2009},
volume  = {9},
pages   = {3111-3115},
}

@Book{threebody,
author = {刘慈欣},
title = {《三体·黑暗森林》},
publisher = {重庆出版集团},
year = {2008},
}

%01
@article{sample1,
  author    = {Gong Cheng and
               Yuzhong Qu},
  title     = {Searching Linked Objects with Falcons: Approach, Implementation
               and Evaluation},
  journal   = {Int. J. Semantic Web Inf. Syst.},
  volume    = {5},
  number    = {3},
  year      = {2009},
  pages     = {49-70},
  ee        = {http://www.igi-global.com/articles/details.asp?ID=35388},
  bibsource = {DBLP, http://dblp.uni-trier.de}
}

%02
@article{sample2,
 author = {Chang, Kevin Chen-Chuan and He, Bin and Li, Chengkai and Patel, Mitesh and Zhang, Zhen},
 title = {Structured databases on the web: observations and implications},
 journal = {SIGMOD Rec.},
 issue_date = {September 2004},
 volume = {33},
 number = {3},
 month = sep,
 year = {2004},
 issn = {0163-5808},
 pages = {61--70},
 numpages = {10},
 url = {http://doi.acm.org/10.1145/1031570.1031584},
 doi = {10.1145/1031570.1031584},
 acmid = {1031584},
 publisher = {ACM},
 address = {New York, NY, USA},
}
