%01
@article{1,
	author    = {Gong Cheng and
		Yuzhong Qu},
	title     = {Searching Linked Objects with Falcons: Approach, Implementation
		and Evaluation},
	journal   = {Int. J. Semantic Web Inf. Syst.},
	volume    = {5},
	number    = {3},
	year      = {2009},
	pages     = {49-70},
	ee        = {http://www.igi-global.com/articles/details.asp?ID=35388},
	bibsource = {DBLP, http://dblp.uni-trier.de}
}

%02
@article{2,
	author = {Chang, Kevin Chen-Chuan and He, Bin and Li, Chengkai and Patel, Mitesh and Zhang, Zhen},
	title = {Structured databases on the web: observations and implications},
	journal = {SIGMOD Rec.},
	issue_date = {September 2004},
	volume = {33},
	number = {3},
	month = sep,
	year = {2004},
	issn = {0163-5808},
	pages = {61--70},
	numpages = {10},
	url = {http://doi.acm.org/10.1145/1031570.1031584},
	doi = {10.1145/1031570.1031584},
	acmid = {1031584},
	publisher = {ACM},
	address = {New York, NY, USA},
}

%03
@article{3,
	author = {Berners-Lee, Tim and Hall, Wendy and Hendler, James and Shadbolt, Nigel and Weitzner, Daniel J.}, 
	title = {Creating a Science of the Web}, 
	volume = {313}, 
	number = {5788}, 
	pages = {769-771}, 
	year = {2006}, 
	doi = {10.1126/science.1126902}, 
	URL = {http://www.sciencemag.org/content/313/5788/769.short}, 
		eprint = {http://www.sciencemag.org/content/313/5788/769.full.pdf}, 
		journal = {Science} 
}

%04
@article{4,
	title = {Bringing relational databases into the semantic web: A survey},
	author = {Spanos, Dimitrios-Emmanuel and Stavrou, Periklis and Mitrou, Nikolas},
	year = {2012},
	journal = {Semantic Web Journal},
	note = {to appear}
}

%05
@article{5,
	author = {Rybi\'{n}ski, Henryk},
	title = {On first-order-logic databases},
	journal = {ACM Trans. Database Syst.},
	issue_date = {Sept. 1987},
	volume = {12},
	number = {3},
	month = sep,
	year = {1987},
	issn = {0362-5915},
	pages = {325--349},
	numpages = {25},
	url = {http://doi.acm.org/10.1145/27629.27630},
	doi = {10.1145/27629.27630},
	acmid = {27630},
	publisher = {ACM},
	address = {New York, NY, USA},
}

%06
@article{6,
	title = {OWL Web Ontology Language Semantics and Abstract Syntax},
	volume = {10},
	url = {http://www.w3.org/TR/owl-semantics/},
	number = {REC-owl-semantics-20040210},
	journal = {W3C Recommendation},
	publisher = {World Wide Web Consortium},
	author = {Patel-Schneider, Peter F and Hayes, Patrick and Horrocks, Ian},
	year = {2004}
}

%07
@article{7,
	title = {关系数据库模式和本体间映射的研究综述},
	author = {瞿裕忠 {,} 胡伟 {,} 郑东栋 {,} 仲新宇},
	journal = {计算机研究与发展},
	year = {2008},
	number = {2},
	volume = {45},
	pages = {300--309}
}

%08
@inproceedings{8,
	author = {Stephen Muggleton and Cao Feng},
	title = {Efficient Induction Of Logic Programs},
	booktitle = {New Generation Computing},
	year = {1990},
	publisher = {Academic Press}
}

%09
@book{9,
	title = {Database Management Systems},
	volume = {8},
	url = {http://pages.cs.wisc.edu/~dbbook/},
	number = {4},
	journal = {Computing},
	publisher = {McGraw-Hill},
	author = {Ramakrishnan, Raghu and Gehrke, Johannes},
	year = {2002},
	pages = {65--68}
}

%10
@inbook{10,
	title = {Inferring Complex Semantic Mappings Between Relational Tables and Ontologies from Simple Correspondences},
	volume = {3761},
	url = {http://www.springerlink.com/index/d5r8cbhaqr147p7h.pdf},
	number = {X},
	booktitle = {On the Move to Meaningful Internet Systems 2005 CoopIS DOA and ODBASE},
	publisher = {Springer},
	author = {An, Yuan and Borgida, Alex and Mylopoulos, John},
	editor = {Meersman, Robert and Tari, Zahir and Hacid, Mohand-Said and Mylopoulos, John and Pernici, Barbara and Babaoglu, Özalp and Jacobsen, Hans-Arno and Loyall, Joseph P and Kifer, Michael and Spaccapietra, StefanoEditors},
	year = {2005},
	pages = {1152--1169}
}

%11
@inbook{11,
	title = {D2RQ - Treating non-RDF Databases as Virtual RDF Graphs (Poster)},
	url = {http://citeseerx.ist.psu.edu/viewdoc/download?doi=10.1.1.126.2314&rep=rep1&type=pdf},
	booktitle = {Proceedings of the 3rd International Semantic Web Conference ISWC2004},
	publisher = {Citeseer},
	author = {Bizer, Christian and Seaborne, Andy},
	year = {2004}
}

%12
@article{12,
	title = {从{ER}模式到{OWL DL}本体的语义保持的翻译},
	author = {徐卓明 {,} 董逸生 {,} 陆阳},
	journal = {计算机学报},
	year = {2006},
	volume = {29},
	number = {10},
	pages = {1786--1796}
}

%13
@inproceedings{13,
	author              = {Juan Sequeda and 
		Marcelo Arenas and 
			Daniel P. Miranker and 
			Daniel P. Miranker},
	title               = {On directly mapping relational databases to RDF and OWL.},
	booktitle           = {WWW},
	year                = {2012},
	pages               = {649-658},
	ee                  = {http://doi.acm.org/10.1145/2187836.2187924},
}

%14
@article{14,
	author = {Chiang, Roger H. L. and Barron, Terence M. and Storey, Veda C.},
	title = {Reverse engineering of relational databases: extraction of an EER model from a relational database},
	journal = {Data Knowl. Eng.},
	issue_date = {March 1994},
	volume = {12},
	number = {2},
	month = mar,
	year = {1994},
	issn = {0169-023X},
	pages = {107--142},
	numpages = {36},
	url = {http://dx.doi.org/10.1016/0169-023X(94)90011-6},
	doi = {10.1016/0169-023X(94)90011-6},
	acmid = {188070},
	publisher = {Elsevier Science Publishers B. V.},
	address = {Amsterdam, The Netherlands, The Netherlands},
	keywords = {database design, database reverse engineering, extended Entity-Relationship model, relational databases},
} 

%15
@inproceedings{15,
	author    = {Yuzhong Qu and
		Wei Hu and
			Gong Cheng},
	title     = {Constructing virtual documents for ontology matching},
	booktitle = {WWW},
	year      = {2006},
	pages     = {23-31},
	ee        = {http://doi.acm.org/10.1145/1135777.1135786},
	bibsource = {DBLP, http://dblp.uni-trier.de}
}

%16
@incollection{16,
	author = {Levy, Alon Y.},
	chapter = {Logic-based techniques in data integration},
	title = {Logic-based artificial intelligence},
	editor = {Minker, Jack},
	year = {2000},
	isbn = {0-7923-7224-7},
	pages = {575--595},
	numpages = {21},
	url = {http://dl.acm.org/citation.cfm?id=566344.566383},
	acmid = {566383},
	publisher = {Kluwer Academic Publishers},
	address = {Norwell, MA, USA},
}

%17
@inproceedings{17,
	author = {Amann, Bernd and Beeri, Catriel and Fundulaki, Irini and Scholl, Michel},
	title = {Ontology-Based Integration of XML Web Resources},
	booktitle = {Proceedings of the First International Semantic Web Conference on The Semantic Web},
	series = {ISWC '02},
	year = {2002},
	isbn = {3-540-43760-6},
	pages = {117--131},
	numpages = {15},
	url = {http://dl.acm.org/citation.cfm?id=646996.711279},
	acmid = {711279},
	publisher = {Springer-Verlag},
	address = {London, UK, UK},
}

%18
@article{18,
	author = {Quinlan, J. R.},
	title = {Learning Logical Definitions from Relations},
	journal = {Mach. Learn.},
	issue_date = {Aug. 1990},
	volume = {5},
	number = {3},
	month = sep,
	year = {1990},
	issn = {0885-6125},
	pages = {239--266},
	numpages = {28},
	url = {http://dx.doi.org/10.1023/A:1022699322624},
	doi = {10.1023/A:1022699322624},
	acmid = {637817},
	publisher = {Kluwer Academic Publishers},
	address = {Hingham, MA, USA},
	keywords = {Induction, empirical learning, first-order rules, relational data},
}

%19
@inproceedings{19,
	author = {Fanizzi, Nicola and Iannone, Luigi and Di Mauro, Nicola and Esposito, Floriana},
	title = {Tractable feature generation through description logics with value and number restrictions},
	booktitle = {Proceedings of the 19th international conference on Advances in Applied Artificial Intelligence: industrial, Engineering and Other Applications of Applied Intelligent Systems},
	series = {IEA/AIE'06},
	year = {2006},
	isbn = {3-540-35453-0, 978-3-540-35453-6},
	location = {Annecy, France},
	pages = {629--638},
	numpages = {10},
	url = {http://dx.doi.org/10.1007/11779568_68},
	doi = {10.1007/11779568_68},
	acmid = {2110772},
	publisher = {Springer-Verlag},
	address = {Berlin, Heidelberg},
}

%20
@inproceedings{20,
	author = {Motik, Boris and Horrocks, Ian and Sattler, Ulrike},
	title = {Bridging the gap between OWL and relational databases},
	booktitle = {Proceedings of the 16th international conference on World Wide Web},
	series = {WWW '07},
	year = {2007},
	isbn = {978-1-59593-654-7},
	location = {Banff, Alberta, Canada},
	pages = {807--816},
	numpages = {10},
	url = {http://doi.acm.org/10.1145/1242572.1242681},
	doi = {10.1145/1242572.1242681},
	acmid = {1242681},
	publisher = {ACM},
	address = {New York, NY, USA},
	keywords = {OWL, relational databases, semantic web},
}

%21
@article{21,
	author = {Do, Hong-Hai and Rahm, Erhard},
	title = {Matching large schemas: Approaches and evaluation},
	journal = {Inf. Syst.},
	issue_date = {September, 2007},
	volume = {32},
	number = {6},
	month = sep,
	year = {2007},
	issn = {0306-4379},
	pages = {857--885},
	numpages = {29},
	url = {http://dx.doi.org/10.1016/j.is.2006.09.002},
	doi = {10.1016/j.is.2006.09.002},
	acmid = {1243334},
	publisher = {Elsevier Science Ltd.},
	address = {Oxford, UK, UK},
	keywords = {Data integration, Model management, Schema integration, Schema matching, Schema matching evaluation},
}

%22
@inproceedings{22,
	added-at = {2011-08-09T00:00:00.000+0200},
	author = {Wang, Peng and Zhou, Yuming and Xu, Baowen},
	biburl = {http://www.bibsonomy.org/bibtex/251ac915423392d46f5894c92d30b6156/dblp},
	booktitle = {IJCAI},
	editor = {Walsh, Toby},
	ee = {http://ijcai.org/papers11/Papers/IJCAI11-390.pdf},
	interhash = {b800a14be0651873a7d83a350bbb6fac},
	intrahash = {51ac915423392d46f5894c92d30b6156},
	isbn = {978-1-57735-516-8},
	keywords = {dblp},
	pages = {2343-2348},
	publisher = {IJCAI/AAAI},
	timestamp = {2011-08-09T00:00:00.000+0200},
	title = {Matching Large Ontologies Based on Reduction Anchors.},
	url = {http://dblp.uni-trier.de/db/conf/ijcai/ijcai2011.html#WangZX11},
	year = 2011
}

%23
@article{23,
	added-at = {2010-01-19T11:41:42.000+0100},
	author = {David, J{\'e}r{\^o}me and Guillet, Fabrice and Briand, Henri},
	bibsource = {DBLP, http://dblp.uni-trier.de},
	biburl = {http://www.bibsonomy.org/bibtex/26f0fcce87221453bda232f291a51f5da/lechatpito},
	description = {KPAT references for ontology matching},
	ee = {http://www.igi-pub.com/articles/details.asp?ID=7154},
	interhash = {7c39683d6dab47115e6a3f1a14d0ebbc},
	intrahash = {6f0fcce87221453bda232f291a51f5da},
	journal = {International Journal of Semantic Web Information Systems},
	keywords = {for:kpat kpat matching ontology pattern},
	number = 2,
	pages = {27-49},
	timestamp = {2010-01-19T11:41:42.000+0100},
	title = {Association Rule Ontology Matching Approach},
	volume = 3,
	year = 2007
}

%24
@inproceedings{24,
	author    = {Wei Hu and
		Yuzhong Qu},
	title     = {Discovering Simple Mappings Between Relational Database
		Schemas and Ontologies},
	booktitle = {ISWC/ASWC},
	year      = {2007},
	pages     = {225-238},
	ee        = {http://dx.doi.org/10.1007/978-3-540-76298-0_17},
	bibsource = {DBLP, http://dblp.uni-trier.de}
}

%25
@inproceedings{25,
	author = {Chen, Huajun and Wang, Yimin and Wang, Heng and Mao, Yuxin and Tang, Jinmin and Zhou, Cunyin and Yin, Ainin and Wu, Zhaohui},
	title = {Towards a semantic web of relational databases: a practical semantic toolkit and an in-use case from traditional chinese medicine},
	booktitle = {Proceedings of the 5th international conference on The Semantic Web},
	series = {ISWC'06},
	year = {2006},
	isbn = {3-540-49029-9, 978-3-540-49029-6},
	location = {Athens, GA},
	pages = {750--763},
	numpages = {14},
	url = {http://dx.doi.org/10.1007/11926078_54},
	doi = {10.1007/11926078_54},
	acmid = {2127101},
	publisher = {Springer-Verlag},
	address = {Berlin, Heidelberg},
}

%26
@article{26,
	title = "Unveiling the hidden bride: deep annotation for mapping and migrating legacy data to the Semantic Web",
	journal = "Web Semantics: Science, Services and Agents on the World Wide Web",
	volume = "1",
	number = "2",
	pages = "187 - 206",
	year = "2004",
	issn = "1570-8268",
	doi = "10.1016/j.websem.2003.11.005",
	url = "http://www.sciencedirect.com/science/article/pii/S1570826803000295",
	author = "Raphael Volz and Siegfried Handschuh and Steffen Staab and Ljiljana Stojanovic and Nenad Stojanovic",
	keywords = "H.3.3 Information search and retrieval",
	keywords = "H.3.5 Online information services",
	keywords = "H.1.2 User/machine systems",
	keywords = "I.2.1 Applications and expert systems"
}

%27
@article{27,
	title={RONTO: Relational to Ontology Schema Matching},
	volume={3},
	url={http://dit.unitn.it/~p2p/RelatedWork/Matching/ronto.pdf},
	number={3-4},
	journal={AIS SIGSEMIS Bulletin},
	author={Papapanagiotou, Petros and Katsiouli, Polyxeni and Tsetsos, Vassileios and Anagnostopoulos, Christos and Hadjiefthymiades, Stathes},
	year={2006},
	pages={32–36}
}
%28
@article{28,
	added-at = {2011-10-12T12:14:32.000+0200},
	author = {Dou, Dejing and Qin, Han and LePendu, Paea},
	biburl = {http://www.bibsonomy.org/bibtex/24f908fa78a7215f3271dcb1658ecf231/buehner},
	ee = {http://dx.doi.org/10.1142/S1793351X10000961},
	interhash = {3e6a1ebee52f86a891d071bc04f50429},
	intrahash = {4f908fa78a7215f3271dcb1658ecf231},
	journal = {Int. J. Semantic Computing},
	keywords = {databases integration ontology relational semantic sent:schmidt2},
	number = 1,
	pages = {123-151},
	timestamp = {2011-10-12T12:14:32.000+0200},
	title = {Ontograte: towards Automatic Integration for Relational Databases and the Semantic Web through an Ontology-Based Framework.},
	url = {http://dblp.uni-trier.de/db/journals/ijsc/ijsc4.html#DouQL10},
	volume = 4,
	year = 2010
}


%29
@inproceedings{29,
	author = {Salas, Percy E. and Breitman, Karin K. and Viterbo F., Jos{\'e} and Casanova, Marco A.},
	title = {Interoperability by design using the StdTrip tool: an a priori approach},
	booktitle = {Proceedings of the 6th International Conference on Semantic Systems},
	series = {I-SEMANTICS '10},
	year = {2010},
	isbn = {978-1-4503-0014-8},
	location = {Graz, Austria},
	pages = {43:1--43:3},
	articleno = {43},
	numpages = {3},
	url = {http://doi.acm.org/10.1145/1839707.1839760},
	doi = {10.1145/1839707.1839760},
	acmid = {1839760},
	publisher = {ACM},
	address = {New York, NY, USA},
	keywords = {conceptual modeling, interoperability, linked data, ontology matching},
} 

%30
@article{30,
	author = {Rahm, Erhard and Bernstein, Philip A.},
	title = {A survey of approaches to automatic schema matching},
	journal = {The VLDB Journal},
	issue_date = {December 2001},
	volume = {10},
	number = {4},
	month = dec,
	year = {2001},
	issn = {1066-8888},
	pages = {334--350},
	numpages = {17},
	url = {http://dx.doi.org/10.1007/s007780100057},
	doi = {10.1007/s007780100057},
	acmid = {767154},
	publisher = {Springer-Verlag New York, Inc.},
	address = {Secaucus, NJ, USA},
	keywords = {Graph matching, Machine learning, Model management, Schema integration, Schema matching},
} 

%31
@book{31,
	author          =       {J\'er\^ome Euzenat and Pavel Shvaiko},
	title           =       {Ontology matching},
	language        =       {english},
	page            =       341,
	publisher       =       {Springer-Verlag},
	address         =       {Heidelberg (DE)},
	year            =       2007,
	isbn            =       {3-540-49611-4}
}

%32
@book{32,
	author = {Salton, Gerard and McGill, Michael J.},
	title = {Introduction to Modern Information Retrieval},
	year = {1986},
	isbn = {0070544840},
	publisher = {McGraw-Hill, Inc.},
	address = {New York, NY, USA},
} 

%33
@inproceedings{33,
	author = {de Laborda, Cristian P{\'e}rez and Conrad, Stefan},
	title = {Relational.OWL: a data and schema representation format based on OWL},
	booktitle = {Proceedings of the 2nd Asia-Pacific conference on Conceptual modelling - Volume 43},
	series = {APCCM '05},
	year = {2005},
	isbn = {1-920-68225-2},
	location = {Newcastle, New South Wales, Australia},
	pages = {89--96},
	numpages = {8},
	url = {http://dl.acm.org/citation.cfm?id=1082276.1082287},
	acmid = {1082287},
	publisher = {Australian Computer Society, Inc.},
	address = {Darlinghurst, Australia, Australia},
	keywords = {data representation, ontologies, relational databases, resource description framework (RDF), schema representation, semantic web, web ontology language (OWL)},
} 

%34
@INPROCEEDINGS{34,
	author = {Csongor Nyulas and Samson Tu},
	title = {DataMaster – a Plug-in for Importing Schemas and Data from Relational Databases into Protégé},
	booktitle = {In Proceedings of 10 th International Protégé Conference},
	year = {2007}
}

%35
@inproceedings{35,
	author = {Curino, Carlo and Orsi, Giorgio and Panigati, Emanuele and Tanca, Letizia},
	title = {Accessing and Documenting Relational Databases through OWL Ontologies},
	booktitle = {Proceedings of the 8th International Conference on Flexible Query Answering Systems},
	series = {FQAS '09},
	year = {2009},
	isbn = {978-3-642-04956-9},
	location = {Roskilde, Denmark},
	pages = {431--442},
	numpages = {12},
	url = {http://dx.doi.org/10.1007/978-3-642-04957-6_37},
	doi = {10.1007/978-3-642-04957-6_37},
	acmid = {1693196},
	publisher = {Springer-Verlag},
	address = {Berlin, Heidelberg},
}
